@book{cengel2002,
  author    = {Cengel, Yunus A. and Boles, Michael A.},
  title     = {Termodinámica – An Engineering Approach},
  publisher = {McGraw Hill},
  year      = {2002}
}

@book{wark2001,
  author    = {Wark, Kenneth Jr.},
  title     = {Termodinámica},
  publisher = {McGraw Hill},
  year      = {2001}
}

@book{manrique2001,
  author    = {Manrique Valadez, Jose Angel},
  title     = {Termodinámica},
  publisher = {Oxford University Press Mexico},
  year      = {2001}
}

@online{wiki:ciclo_termodinamico,
  author    = {{Wikipedia, la enciclopedia libre}},
  title     = {Ciclo termodinámico},
  url       = {https://es.wikipedia.org/w/index.php?title=Ciclo_termodinámico&oldid=165735709},
  urldate   = {2025-07-30},
  note      = {ID de versión permanente: 165735709}
}

@online{wiki:primer_principio,
  author    = {{Wikipedia, la enciclopedia libre}},
  title     = {Primer principio de la termodinámica},
  url       = {https://es.wikipedia.org/w/index.php?title=Primer_principio_de_la_termodinámica&oldid=166567280},
  urldate   = {2025-07-30},
  note      = {ID de versión permanente: 166567280}
}

@online{wiki:proceso_adiabatico,
  author    = {{Wikipedia, la enciclopedia libre}},
  title     = {Proceso adiabático},
  url       = {https://es.wikipedia.org/w/index.php?title=Proceso_adiabático&oldid=166190687},
  urldate   = {2025-07-30},
  note      = {ID de versión permanente: 166190687}
}

@online{wiki:termodinamica,
  author    = {{Wikipedia, la enciclopedia libre}},
  title     = {Termodinámica},
  url       = {https://es.wikipedia.org/w/index.php?title=Termodinámica&oldid=167519991},
  urldate   = {2025-07-30},
  note      = {ID de versión permanente: 167519991}
}

@misc{misc:procesos_termo,
  title = {Procesos Termodinámicos: Isotérmicos, Adiabáticos e Isocóricos},
  note  = {Fuente sin autor o fecha de publicación específica}
}
